@article{chen2024self,
  title={Self-play fine-tuning converts weak language models to strong language models},
  author={Chen, Zixiang and Deng, Yihe and Yuan, Huizhuo and Ji, Kaixuan and Gu, Quanquan},
  journal={arXiv preprint arXiv:2401.01335},
  year={2024}
}